<record><leader>01621cam a2200409 i 4500</leader><controlfield tag="001">6803075</controlfield><controlfield tag="003">OCoLC</controlfield><controlfield tag="005">20150121100325.0</controlfield><controlfield tag="008">140630s2015    nyua   b      000 1 eng  </controlfield><datafield ind1=" " ind2=" " tag="010"><subfield code="a">  2014021833</subfield></datafield><datafield ind1=" " ind2=" " tag="020"><subfield code="a">9780374388195</subfield><subfield code="q">hardcover</subfield><subfield code="c">$17.99</subfield></datafield><datafield ind1=" " ind2=" " tag="020"><subfield code="a">0374388199</subfield><subfield code="q">hardcover</subfield><subfield code="c">$17.99</subfield></datafield><datafield ind1=" " ind2=" " tag="035"><subfield code="a">ocn882463895</subfield></datafield><datafield ind1=" " ind2=" " tag="040"><subfield code="a">DLC</subfield><subfield code="b">eng</subfield><subfield code="e">rda</subfield><subfield code="c">DLC</subfield><subfield code="d">IG#</subfield><subfield code="d">OCO</subfield><subfield code="d">JP3</subfield><subfield code="d">UAB</subfield><subfield code="d">AEU</subfield></datafield><datafield ind1="0" ind2="0" tag="050"><subfield code="a">PZ7.B46575</subfield><subfield code="b">My 2015</subfield></datafield><datafield ind1="0" ind2="0" tag="082"><subfield code="a">[E]</subfield><subfield code="2">23</subfield></datafield><datafield ind1=" " ind2=" " tag="090"><subfield code="a">PZ 7 B46579 My 2015</subfield><subfield code="b">AEU</subfield></datafield><datafield ind1="1" ind2=" " tag="100"><subfield code="a">Best, Cari,</subfield><subfield code="e">author.</subfield></datafield><datafield ind1="1" ind2="0" tag="245"><subfield code="a">My three best friends and me, Zulay /</subfield><subfield code="c">Cari Best ; pictures by Vanessa Brantley-Newton.</subfield></datafield><datafield ind1="3" ind2=" " tag="246"><subfield code="a">My 3 best friends and me, Zulay</subfield></datafield><datafield ind1=" " ind2=" " tag="250"><subfield code="a">First edition.</subfield></datafield><datafield ind1=" " ind2="1" tag="264"><subfield code="a">New York :</subfield><subfield code="b">Farrar Straus Giroux,</subfield><subfield code="c">2015.</subfield></datafield><datafield ind1=" " ind2=" " tag="300"><subfield code="a">1 volume (unpaged) :</subfield><subfield code="b">color illustrations ;</subfield><subfield code="c">28 cm</subfield></datafield><datafield ind1=" " ind2=" " tag="336"><subfield code="a">text</subfield><subfield code="2">rdacontent</subfield></datafield><datafield ind1=" " ind2=" " tag="336"><subfield code="a">still image</subfield><subfield code="2">rdacontent</subfield></datafield><datafield ind1=" " ind2=" " tag="337"><subfield code="a">unmediated</subfield><subfield code="2">rdamedia</subfield></datafield><datafield ind1=" " ind2=" " tag="338"><subfield code="a">volume</subfield><subfield code="2">rdacarrier</subfield></datafield><datafield ind1=" " ind2=" " tag="500"><subfield code="a">"Margaret Ferguson books."</subfield></datafield><datafield ind1=" " ind2=" " tag="520"><subfield code="a">"Zulay is a blind girl who longs to be able to run in the race on field and track day at her school"--</subfield><subfield code="c">Provided by publisher.</subfield></datafield><datafield ind1=" " ind2=" " tag="596"><subfield code="a">41</subfield></datafield><datafield ind1=" " ind2="0" tag="650"><subfield code="a">Blind children</subfield><subfield code="v">Juvenile fiction.</subfield></datafield><datafield ind1=" " ind2="0" tag="650"><subfield code="a">Children with disabilities</subfield><subfield code="v">Juvenile fiction.</subfield></datafield><datafield ind1=" " ind2="0" tag="650"><subfield code="a">Friendship in children</subfield><subfield code="v">Juvenile fiction.</subfield></datafield><datafield ind1=" " ind2="0" tag="650"><subfield code="a">Schools</subfield><subfield code="v">Juvenile fiction.</subfield></datafield><datafield ind1="1" ind2=" " tag="700"><subfield code="a">Brantley-Newton, Vanessa,</subfield><subfield code="e">illustrator.</subfield></datafield><datafield ind1=" " ind2=" " tag="949"><subfield code="a">PZ 7 B46579 My 2015</subfield><subfield code="c">1</subfield><subfield code="h">UAED-CU-B</subfield><subfield code="i">0162035232782</subfield></datafield><datafield ind1=" " ind2=" " tag="926"><subfield code="a">PZ 7 B46579 My 2015</subfield><subfield code="w">LC</subfield><subfield code="c">1</subfield><subfield code="i">0162035232782</subfield><subfield code="d">3/14/2016</subfield><subfield code="e">3/9/2016</subfield><subfield code="l">CURRICULUM</subfield><subfield code="m">UAEDUC</subfield><subfield code="n">1</subfield><subfield code="p">$17.99</subfield><subfield code="r">Y</subfield><subfield code="s">Y</subfield><subfield code="t">BOOK</subfield><subfield code="u">2/11/2015</subfield></datafield></record>